<?xml version="1.0" encoding="UTF-8"?><collection xmlns="http://www.loc.gov/MARC21/slim"><record><leader>00387nam--2200133-i-4500</leader><controlfield tag="001">000032603</controlfield><controlfield tag="002">20161230</controlfield><controlfield tag="005">20161230201039</controlfield><controlfield tag="008">060222s1000------------r-----000-0-eng-d</controlfield><datafield ind1=" " ind2=" " tag="080"><subfield code="a">621.039.003</subfield></datafield><datafield ind1=" " ind2=" " tag="245"><subfield code="a">Mediul rural si problema energiei.coordonatorii vol.ioan puia /s.a.</subfield></datafield><datafield ind1=" " ind2=" " tag="260"><subfield code="a">Cluj-napoca, Editura Dacia, 1986. 253p</subfield></datafield><datafield ind1=" " ind2=" " tag="490"><subfield code="a">Seria Stiinta Moderna Si Energia</subfield></datafield><datafield ind1=" " ind2=" " tag="852"><subfield code="a">79650</subfield></datafield></record></collection>